@String{lncs = {Lecture Notes in Computer Science}}
@String{procecoop = {Proceedings of the European Conference on
    Object-Oriented Programming ({ECOOP})}}

@Book{Stull-BLMetIntro,
    author =	{Stull, Roland},
    title =	{An Introduction to Boundary Layer Meteorology},
    booktitle =	{An Introduction to Boundary Layer Meteorology},
    year =	1988,
    edition =	1,
    publisher =	{Kluwer Academic Publishers},
    isbn =	90-277-2768-6,
}

@Book{bringhurst-2002-teots,
    author =	{Bringhurst, Robert},
    title =	{The Elements of Typographic Style},
    booktitle =	{The Elements of Typographic Style},
    year =	2002,
    edition =	{2.5},
    publisher =	{Hartley \& Marks},
    isbn =	0881791326,
}

@InProceedings{kiczales-1997-aop,
    author =    {Kiczales, Gregor and Lamping, John and
		    Mendhekar, Anurag and Maeda, Chris and
		    Lopes, Cristina and Loingtier, Jean-Marc
		    and Irwin, John},
    title =     {Aspect-Oriented Programming},
    booktitle = procecoop,
    year =	1997,
    series =    lncs,
    volume =    2591,
    pages =     {220--242},
    keywords =  {aop, aspect-oriented programming},
    online =	{http://www.parc.xerox.com/csl/groups/sda/pubs/papers/Kiczal
es-ECOOP97/for-web.pdf},
}

